<?xml version="1.0" encoding="UTF-8" ?>
<collection xmlns:xsi="http://www.w3.org/2001/XMLSchema-instance"
    xsi:schemaLocation="http://www.loc.gov/MARC21/slim
        http://www.loc.gov/standards/marcxml/schema/MARC21slim.xsd"
    xmlns="http://www.loc.gov/MARC21/slim">
<record>
  <leader>00292cam a2200577 i 4500</leader>
  <controlfield tag="001">b12344151</controlfield>
  <controlfield tag="003">LeBAU</controlfield>
  <controlfield tag="005">20140402</controlfield>
  <controlfield tag="008">970211s1940    le afh   b    ||1 0 ara d</controlfield>
  <datafield tag="035" ind1=" " ind2=" ">
    <subfield code="a">ocn784218158</subfield>
  </datafield>
  <datafield tag="040" ind1=" " ind2=" ">
    <subfield code="a">LEAUB</subfield>
    <subfield code="b">ara</subfield>
    <subfield code="e">rda</subfield>
    <subfield code="c">LEAUB</subfield>
    <subfield code="d">LEAUB</subfield>
  </datafield>
  <datafield tag="082" ind1="0" ind2="4">
    <subfield code="a">297.08</subfield>
    <subfield code="2">20</subfield>
  </datafield>
  <datafield tag="100" ind1="1" ind2=" ">
    <subfield code="6">880-01</subfield>
    <subfield code="a">Ibn Shaybah, Yaʻqūb,</subfield>
    <subfield code="d">798 or 799-875 or 876,</subfield>
    <subfield code="e">author.</subfield>
  </datafield>
  <datafield tag="245" ind1="1" ind2="0">
    <subfield code="6">880-02</subfield>
    <subfield code="a">Musnad Amīr al-Muʼminīn ʻUmar ibn al-Khaṭṭāb ‘an al-nabī ṣallá Allāh ‘alayhi wa-sallam /</subfield>
    <subfield code="c">ta’līf Abī Yūsuf Ya‘qūb ibn Shaybah ibn al-Ṣalt ; mimmā rawāhu ‘anhu Abū Bakr Muḥammad ibn Aḥmad ibn Ya‘qūb ibn Shaybah, bi-riwāyat Abī ‘Umar ‘Abd al-Wāḥid ibn Muḥmmad ibn ‘Abd Allāh ibn Muḥammad ibn Mahdī ; ‘uniya bi-darsihi wa-nashrihi al-Duktūr Sāmī Ḥaddād, ustādh al-jirāḥah fī Jāmi‘at Bayrūt al-Amīrkīyah.</subfield>
  </datafield>
  <datafield tag="250" ind1=" " ind2=" ">
    <subfield code="6">880-03</subfield>
    <subfield code="a">al-Ṭab‘ah al-ūlá.</subfield>
  </datafield>
  <datafield tag="264" ind1=" " ind2="1">
    <subfield code="6">880-04</subfield>
    <subfield code="a">Bayrūt :</subfield>
    <subfield code="b">al-Maṭba‘ah al-Amīrkānīyah,</subfield>
    <subfield code="c">1359 H. = 1940 M.</subfield>
  </datafield>
  <datafield tag="300" ind1=" " ind2=" ">
    <subfield code="6">880-05</subfield>
    <subfield code="a">1 volume (237 pages), 4 unnumbered leaves of plates :</subfield>
    <subfield code="b">illustrations, facsimilies ;</subfield>
    <subfield code="c">24cm</subfield>
  </datafield>
  <datafield tag="336" ind1=" " ind2=" ">
    <subfield code="a">text</subfield>
    <subfield code="b">txt</subfield>
    <subfield code="2">rdacontent</subfield>
  </datafield>
  <datafield tag="336" ind1=" " ind2=" ">
    <subfield code="a">still image</subfield>
    <subfield code="b">sti</subfield>
    <subfield code="2">rdacontent</subfield>
  </datafield>
  <datafield tag="337" ind1=" " ind2=" ">
    <subfield code="a">unmediated</subfield>
    <subfield code="b">n</subfield>
    <subfield code="2">rdamedia</subfield>
  </datafield>
  <datafield tag="338" ind1=" " ind2=" ">
    <subfield code="a">volume</subfield>
    <subfield code="b">nc</subfield>
    <subfield code="2">rdacarrier</subfield>
  </datafield>
  <datafield tag="504" ind1=" " ind2=" ">
    <subfield code="a">يتضمن مراجع ببليوغرافية (صفحات 233-236) وكشافات.</subfield>
  </datafield>
  <datafield tag="588" ind1=" " ind2=" ">
    <subfield code="a">الوصف يستند إلى الجزء العاشر.</subfield>
  </datafield>
  <datafield tag="590" ind1=" " ind2=" ">
    <subfield code="a">في المكتبة: الجزء 10.</subfield>
  </datafield>
  <datafield tag="600" ind1="0" ind2="4">
    <subfield code="a">عمر بن الخطاب</subfield>
    <subfield code="c">الخليفة،</subfield>
    <subfield code="d">-644.</subfield>
  </datafield>
  <datafield tag="600" ind1="0" ind2="0">
    <subfield code="a">ʻUmar ibn al-Khaṭṭāb,</subfield>
    <subfield code="c">Caliph,</subfield>
    <subfield code="d">-644.</subfield>
  </datafield>
  <datafield tag="650" ind1=" " ind2="4">
    <subfield code="a">الحديث</subfield>
    <subfield code="x">إسناد</subfield>
    <subfield code="v">اعمال قديمة حتى 1800.</subfield>
  </datafield>
  <datafield tag="650" ind1=" " ind2="4">
    <subfield code="a">الحديث</subfield>
    <subfield code="x">رواة</subfield>
    <subfield code="v">اعمال قديمة حتى 1800.</subfield>
  </datafield>
  <datafield tag="650" ind1=" " ind2="4">
    <subfield code="a">المذهب المالكي</subfield>
    <subfield code="v">اعمال قديمة حتى 1800.</subfield>
  </datafield>
  <datafield tag="650" ind1=" " ind2="0">
    <subfield code="a">Hadith</subfield>
    <subfield code="x">Evidences, authority, etc.</subfield>
    <subfield code="v">Early works to 1800.</subfield>
  </datafield>
  <datafield tag="650" ind1=" " ind2="0">
    <subfield code="a">Hadith</subfield>
    <subfield code="x">Authorities</subfield>
    <subfield code="v">Early works to 1800.</subfield>
  </datafield>
  <datafield tag="650" ind1=" " ind2="0">
    <subfield code="a">Malikites</subfield>
    <subfield code="v">Early works to 1800.</subfield>
  </datafield>
  <datafield tag="700" ind1="1" ind2=" ">
    <subfield code="6">880-06</subfield>
    <subfield code="a">Ibn Shaybah, Muḥammad ibn Aḥmad,</subfield>
    <subfield code="e">narrator.</subfield>
  </datafield>
  <datafield tag="700" ind1="1" ind2=" ">
    <subfield code="6">880-07</subfield>
    <subfield code="a">Ibn ‘Abd Allāh, ‘Abd al-Wāḥid ibn Muḥammad,</subfield>
    <subfield code="e">narrator.</subfield>
  </datafield>
  <datafield tag="700" ind1="1" ind2=" ">
    <subfield code="6">880-08</subfield>
    <subfield code="a">Ḥaddād, Sāmī Ibrāhīm,</subfield>
    <subfield code="d">1890-1957,</subfield>
    <subfield code="e">annotator.</subfield>
  </datafield>
  <datafield tag="852" ind1=" " ind2=" ">
    <subfield code="a">Jafet Library</subfield>
    <subfield code="e">American University of Beirut, Bliss Street , Beirut, Lebanon.</subfield>
  </datafield>
  <datafield tag="852" ind1=" " ind2=" ">
    <subfield code="a">Jafet Archives and Special Collections</subfield>
    <subfield code="e">American University of Beirut, Bliss Street , Beirut, Lebanon.</subfield>
  </datafield>
  <datafield tag="880" ind1="1" ind2=" ">
    <subfield code="6">100-01/(3/r</subfield>
    <subfield code="a">إبن شيبة، يعقوب،</subfield>
    <subfield code="d">798 او 799-875 او 876،</subfield>
    <subfield code="e">مؤلف. </subfield>
    <subfield code="4">aut.</subfield>
  </datafield>
  <datafield tag="880" ind1="1" ind2="0">
    <subfield code="6">245-02/(3/r</subfield>
    <subfield code="a">مسند أمير المؤمنين عمر بن الخطاب عن النبي صلى الله عليه وسلم /</subfield>
    <subfield code="c">تأليف أبي يوسف يعقوب بن شيبة بن الصلت ؛ مما رواه عنه أبو بكر محمد بن أحمد بن يعقوب بن شيبة، برواية أبي عمر عبد الواحد بن محمد بن عبد الله بن محمد بن مهدي ؛ عني بدرسه ونشره الدكتور سامي حداد، أستاذ الجراحة في جامعة بيروت الأميركية.</subfield>
  </datafield>
  <datafield tag="880" ind1=" " ind2=" ">
    <subfield code="6">250-03/(3/r</subfield>
    <subfield code="a">الطبعة الأولى.</subfield>
  </datafield>
  <datafield tag="880" ind1=" " ind2=" ">
    <subfield code="6">300-05/(3/r</subfield>
    <subfield code="a">1  جزء (237 صفحة)، 4 ورقات لوحات غير مرقمة :</subfield>
    <subfield code="b">مصورات، صور طبق الأصل ؛</subfield>
    <subfield code="c">24 سم</subfield>
  </datafield>
  <datafield tag="880" ind1=" " ind2="1">
    <subfield code="6">264-04/(3/r</subfield>
    <subfield code="a">بيروت :</subfield>
    <subfield code="b">المطبعة الاميركانية،</subfield>
    <subfield code="c">1359 هـ. = 1940 م.</subfield>
  </datafield>
  <datafield tag="880" ind1="1" ind2=" ">
    <subfield code="6">700-06/(3/r</subfield>
    <subfield code="a">ابن شيبة، محمد بن أحمد،</subfield>
    <subfield code="e">راوي. </subfield>
    <subfield code="4">nrt.</subfield>
  </datafield>
  <datafield tag="880" ind1="1" ind2=" ">
    <subfield code="6">700-07/(3/r</subfield>
    <subfield code="a">ابن عبد الله، عبد الواحد بن محمد،</subfield>
    <subfield code="e">راوي. </subfield>
    <subfield code="4">nrt.</subfield>
  </datafield>
  <datafield tag="880" ind1="1" ind2=" ">
    <subfield code="6">700-08/(3/r</subfield>
    <subfield code="a">حداد، سامي ابراهيم،</subfield>
    <subfield code="d">1890-1957،</subfield>
    <subfield code="e">محقق. </subfield>
    <subfield code="4">ann.</subfield>
  </datafield>
  <datafield tag="907" ind1=" " ind2=" ">
    <subfield code="a">.b12344151</subfield>
    <subfield code="b">16-10-17</subfield>
    <subfield code="c">11-05-24</subfield>
  </datafield>
  <datafield tag="907" ind1=" " ind2=" ">
    <subfield code="a">.b12344151</subfield>
    <subfield code="b">11-10-11</subfield>
    <subfield code="c">11-05-24</subfield>
  </datafield>
  <datafield tag="945" ind1=" " ind2=" ">
    <subfield code="f">CA</subfield>
    <subfield code="a">297.08:I1313mA:v.10:c.1</subfield>
    <subfield code="g">1</subfield>
    <subfield code="i">01065706</subfield>
    <subfield code="j">.i12786196</subfield>
    <subfield code="l">u0304</subfield>
  </datafield>
  <datafield tag="945" ind1=" " ind2=" ">
    <subfield code="f">J</subfield>
    <subfield code="a">297.08:I1313mA:v.10:c.2</subfield>
    <subfield code="g">1</subfield>
    <subfield code="i">01007624</subfield>
    <subfield code="j">.i12786172</subfield>
    <subfield code="l">u0503</subfield>
  </datafield>
  <datafield tag="945" ind1=" " ind2=" ">
    <subfield code="f">J</subfield>
    <subfield code="a">297.08:I1313mA:v.10:c.1</subfield>
    <subfield code="g">1</subfield>
    <subfield code="i">01007619</subfield>
    <subfield code="j">.i12786184</subfield>
    <subfield code="l">u0503</subfield>
  </datafield>
  <datafield tag="998" ind1=" " ind2=" ">
    <subfield code="a">u03</subfield>
    <subfield code="a">(2)u05</subfield>
    <subfield code="b">97-02-11</subfield>
    <subfield code="c">m</subfield>
    <subfield code="d">a</subfield>
    <subfield code="e">-</subfield>
    <subfield code="f">ara</subfield>
    <subfield code="g">le </subfield>
    <subfield code="h">0</subfield>
    <subfield code="i">3</subfield>
  </datafield>
</record>
</collection>
